@book{book:2018:richardson:microservices-patterns,
  title     = {Microservices patterns: with examples in Java},
  author    = {Richardson, Chris},
  year      = {2018},
  publisher = {Simon and Schuster},
  isbn      = {978-1-61729-454-9}
}

@book{book:2020:geers:micro-frontends-in-action,
  title     = {Micro frontends in action},
  author    = {Geers, Michael},
  year      = {2020},
  language  = {en},
  publisher = {Simon and Schuster},
  isbn      = {978-161729-687-1}
}

@misc{misc:-:graphql-org,
  title    = {{GraphQL} {\textbar} {A} query language for your {API}},
  url      = {https://graphql.org/},
  language = {en},
  urldate  = {2023-01-09},
	year		 = {2023}
}

@misc{misc:2019:leitner:backend-for-frontends,
  title    = {Micro Frontends},
  url      = {https://www.squer.at/en/blog/micro-frontend-patterns/backends-for-frontends/},
  language = {en},
  urldate  = {2023-01-05},
  author   = {Leitner, David},
	year		 = {2019}
}

@misc{misc:2019:leitner:micro-frontends,
  title    = {Micro Frontends},
  url      = {https://www.squer.at/en/blog/micro-frontend-patterns/},
  language = {en},
  urldate  = {2023-01-05},
  author   = {Leitner, David},
	year		 = {2019}
}
